% Encoding: UTF-8

@Article{Drake2017,
  author  = {Adam Drake},
  title   = {Enough with the microservices},
  journal = {https://adamdrake.com/enough-with-the-microservices.html},
  year    = {2017},
  date    = {2017-05-20},
}

@Article{Jackson2018,
  author  = {Joab Jackson},
  title   = {Debugging Microservices: Lessons from Google, Facebook, Lyft},
  journal = {https://thenewstack.io/debugging-microservices-lessons-from-google-facebook-lyft/},
  year    = {2018},
  date    = {2018-07-03},
}

@Article{RDX2016,
  author  = {RDX},
  title   = {REST in Peace: Microservices vs monoliths in real-life examples},
  journal = {https://medium.freecodecamp.org/rest-in-peace-to-microservices-or-not-6d097b6c8279},
  year    = {2016},
  date    = {2016-12-13},
}

@Article{Madurai2018,
  author  = {Vivek Madurai},
  title   = {Frontend in Microservice Architecture},
  journal = {https://medium.com/@vivekmadurai/frontend-in-microservice-architecture-1e5bfa08e3e4},
  year    = {2018},
  date    = {2018-03-09},
}

@Article{Tripathi2016,
  author  = {Ashutosh Tripathi},
  title   = {What is Facebook's architecture?},
  journal = {https://www.quora.com/What-is-Facebooks-architecture-6},
  year    = {2016},
  date    = {2016-05-21},
}

@Article{Sommmermann2014,
  author  = {Daniel Sommmermann},
  title   = {Introducing Proxygen, Facebook's C++ HTTP framework},
  journal = {https://code.fb.com/production-engineering/introducing-proxygen-facebook-s-c-http-framework/},
  year    = {2014},
  date    = {2014-11-05},
}

@Article{Mauro2015,
  author  = {Tony Mauro},
  title   = {Adopting Microservices at Netflix: Lessons for Architectural Design},
  journal = {https://www.nginx.com/blog/microservices-at-netflix-architectural-best-practices/},
  year    = {2015},
  date    = {2015-02-15},
}

@Article{Ho2015,
  author  = {Alan Ho},
  title   = {Microservices at Amazon},
  journal = {https://apigee.com/about/blog/api-technology/microservices-amazon},
  year    = {2015},
  date    = {2015-11-11},
}

@Article{Benetis2016,
  author  = {Rimantas Benetis},
  title   = {A 6-point plan for implementing a scalable microservices architecture},
  journal = {https://www.devbridge.com/articles/a-6-point-plan-for-implementing-a-scalable-microservices-architecture/},
  year    = {2016},
  date    = {2016-11-11},
}

@Article{Mauersberger2017,
  author  = {Laura Mauersberger},
  title   = {Why Netflix, Amazon, and Apple Care about microservices},
  journal = {https://blog.leanix.net/en/why-netflix-amazon-and-apple-care-about-microservices},
  year    = {2017},
  date    = {2017-07-18},
}

@Article{ScottM.Fulton2015,
  author  = {Scott M. Fulton III},
  title   = {What led Amazon to its own microservices architecture},
  journal = {https://thenewstack.io/led-amazon-microservices-architecture/},
  year    = {2015},
  date    = {2015-10-08},
}

@Article{Ismail2018,
  author  = {Kaya Ismail},
  title   = {7 Tech giants embracing microservices},
  journal = {https://www.cmswire.com/information-management/7-tech-giants-embracing-microservices/},
  year    = {2018},
  date    = {2018-08-23},
}

@Article{Aslam2016,
  author  = {Asim Aslam},
  title   = {Why companies adopt microservices and how they succeed},
  journal = {https://medium.com/microhq/why-companies-adopt-microservices-and-how-they-succeed-2ad32f39c65a},
  year    = {2016},
  date    = {2016-07-05},
}

@Article{2018,
  author  = {Enabled solutions},
  title   = {Why microservices are the new innovation enablers for enterprises},
  journal = {https://hackernoon.com/why-microservices-are-the-new-innovation-enablers-for-enterprises-6a4c637fd901},
  year    = {2018},
  date    = {2018-08-20},
}

@Article{Lawton2017,
  author  = {George Lawton},
  title   = {How microservices patterns made Uber's architecture perform better},
  journal = {https://www.theserverside.com/feature/How-microservices-patterns-helped-Uber-systems-perform-better},
  year    = {2017},
  date    = {2017},
}

@Article{Gonchar2018,
  author  = {Grygoriy Gonchar},
  title   = {Data consistency in microservices architecture},
  journal = {https://ebaytech.berlin/data-consistency-in-microservices-architecture-bf99ba31636f},
  year    = {2018},
  date    = {2018-09-05},
}

@Article{Knorr2016,
  author  = {Eric Knorr},
  title   = {What eBay looks like under the hood},
  journal = {https://www.infoworld.com/article/3041064/what-ebay-looks-like-under-the-hood.html},
  year    = {2016},
  date    = {2016-03-07},
}

@Article{2015a,
  author  = {High scalability},
  title   = {Deep lessons from Google and Ebay on building ecosystems of microservices},
  journal = {http://highscalability.com/blog/2015/12/1/deep-lessons-from-google-and-ebay-on-building-ecosystems-of.html},
  year    = {2015},
  date    = {2015-12-01},
}

@Article{Thennakoon2017,
  author  = {Tharanga Thennakoon},
  title   = {Microservices implementation - Netflix stack},
  journal = {https://medium.com/@tharanganilupul/microservices-implementation-netflix-stack-ba4f4a57a79f},
  year    = {2017},
  date    = {2017-06-17},
}

@Article{2015,
  author  = {Smartbear software},
  title   = {Why you can't talk about microservices without mentioning netflix},
  journal = {https://smartbear.com/blog/develop/why-you-cant-talk-about-microservices-without-ment/},
  year    = {2015},
  date    = {2015-12-08},
}

@Article{Mauro2015a,
  author  = {Tony Mauro},
  title   = {Adopting Microservices at Netflix: Lessons for team and process design},
  journal = {https://www.nginx.com/blog/adopting-microservices-at-netflix-lessons-for-team-and-process-design/},
  year    = {2015},
  date    = {2015-03-10},
}

@Article{Isco2017,
  author       = {Cleo Isco},
  title        = {SAP Order to Cash Process},
  journal      = {https://erproof.com/sd/free-training/sap-order-cash-process/},
  journaltitle = {https://erproof.com/sd/free-training/sap-order-cash-process/},
  year         = {2017},
  date         = {2017-04-24},
}

@Article{2019,
  author       = {SAP concept hub},
  title        = {Understanding order to cash cycle in sap.},
  journal      = {http://sapconcepthub.com/order-to-cash-cycle/},
  journaltitle = {http://sapconcepthub.com/order-to-cash-cycle/},
  year         = {2019},
  date         = {2019},
}

@Article{Wong2018,
  author       = {Danny Wong},
  title        = {Step by Step: What you Should Know About the Order-to-Cash Process},
  journal      = {https://www.salesforce.com/products/cpq/resources/what-to-know-about-order-to-cash-process/},
  journaltitle = {https://www.salesforce.com/products/cpq/resources/what-to-know-about-order-to-cash-process/},
  year         = {2018},
  date         = {2018},
}

@Article{Wikipedia2019,
  author       = {Wikipedia},
  title        = {Order to cash},
  journal      = {https://en.wikipedia.org/wiki/Order_to_cash},
  journaltitle = {https://en.wikipedia.org/wiki/Order_to_cash},
  year         = {2019},
  date         = {2019},
}

@Article{Gehrke2018,
  author       = {Prof. Dr. Nick Gehrke},
  title        = {SAP data structure in order-to-cash: Who cares?},
  journal      = {https://www.zapliance.com/en/blog/sap-data-structure-in-order-to-cash},
  journaltitle = {https://www.zapliance.com/en/blog/sap-data-structure-in-order-to-cash},
  year         = {2018},
  date         = {2018},
}

@Article{Kumaran2015,
  author  = {Senthil Kumaran},
  title   = {What is Order to Cash Cycle},
  journal = {https://www.invensis.net/blog/finance-and-accounting/what-is-order-to-cash-cycle/},
  year    = {2015},
  date    = {2015},
}

@Article{King2018,
  author  = {Bill King},
  title   = {Order to Cash (O2C) Process Flow \& Cycle},
  journal = {https://www.avidxchange.com/order-to-cash-process-flow/},
  year    = {2018},
  date    = {2018},
}

@Article{OBrien2017,
  author  = {Lindsey O'Brien},
  title   = {THE ORDER TO CASH CYCLE},
  journal = {https://anytimecollect.com/the-order-to-cash-cycle/},
  year    = {2017},
  date    = {2017},
}

@Article{Bogaards2017,
  author  = {Ferry Bogaards},
  title   = {Order to cash - standardized services},
  journal = {https://scheer-nederland.nl/best-practices/bp-bydesign/industry-scenarios-bydesign/order-to-cash-standardized-services/},
  year    = {2017},
  date    = {2017},
}

@Article{QPR2018,
  author  = {QPR},
  title   = {Process Mining for order to cash},
  journal = {https://www.qpr.com/solutions/ordertocash},
  year    = {2018},
  date    = {2018},
}

@Article{Blog2017,
  author  = {QPR Blog},
  title   = {Process Mining on Order-to-Cash Process â€“ Optimizing Cash Amount Derived From Orders},
  journal = {https://www.qpr.com/blog/process-mining-order-cash-process-%E2%80%93-optimizing-cash-amount-derived-orders},
  year    = {2017},
  date    = {2017},
}

@Article{Staff2007,
  author  = {CIO Staff},
  title   = {When Bad things happen to good projects},
  journal = {https://www.cio.com/article/2439385/when-bad-things-happen-to-good-projects.html},
  year    = {2007},
  date    = {2007},
}

@Article{Lehto2017,
  author  = {Teemu Lehto},
  title   = {4 steps to reduce unwanted changes in Order to Cash process},
  journal = {https://www.qpr.com/blog/4-steps-reduce-unwanted-changes-order-cash-process},
  year    = {2017},
  date    = {2017},
}

@Article{PEARSON2017,
  author  = {SONIA PEARSON},
  title   = {The Order to Cash (O2C) Process: Definition and Best-Practices},
  journal = {https://tallyfy.com/order-to-cash/},
  year    = {2017},
  date    = {2017},
}

@Article{Watts2018,
  author  = {Stephen Watts},
  title   = {Microservices: An Introduction to Monolithic vs Microservices Architecture (MSA)},
  journal = {https://www.bmc.com/blogs/microservices-architecture/},
  year    = {2018},
  date    = {2018},
}

@Article{Troisi2019,
  author  = {Marco Troisi},
  title   = {8 best practices for microservices app sec},
  journal = {https://techbeacon.com/app-dev-testing/8-best-practices-microservices-app-sec},
  year    = {2019},
  date    = {2019},
}

@Article{Benetis2016a,
  author  = {Rimantas Benetis},
  title   = {Path to microservices: Moving away from monolithic architecture in financial services},
  journal = {https://www.devbridge.com/articles/path-to-microservices-in-financial-services/},
  year    = {2016},
  date    = {2016-01-01},
}

@Article{Ayoub2018,
  author  = {Mina Ayoub},
  title   = {Microservices authentication and authorization solutions},
  journal = {https://medium.com/tech-tajawal/microservice-authentication-and-authorization-solutions-e0e5e74b248a},
  year    = {2018},
  date    = {2018-04-24},
}

@Article{Kyma2019,
  author  = {Kyma},
  title   = {What is Kyma?},
  journal = {https://kyma-project.io/},
  year    = {2019},
}

@Article{Semerdzhiev2018,
  author  = {Krasimir Semerdzhiev},
  title   = {Introducing project Kyma},
  journal = {https://kyma-project.io/blog/2018/7/24/introduction-project-kyma/},
  year    = {2018},
  date    = {2018-06-24},
}

@Article{Hofmann2018,
  author  = {Ralf Hofmann},
  title   = {Kyma and Knative Integration - Progress Update},
  journal = {https://kyma-project.io/blog/2018/8/10/kyma-knative-progress-report},
  year    = {2018},
  date    = {2018-08-10},
}

@Article{Semerdzhiev2018a,
  author  = {Krassimir Semerdzhiev},
  title   = {Kyma at SAP TechEd},
  journal = {https://kyma-project.io/blog/2018/10/4/blog-post-kyma-at-teched},
  year    = {2018},
  date    = {2018-10-04},
}

@Article{Kannappan2018,
  author  = {Gopi Kannappan},
  title   = {Accelerate innovation with Kyma},
  journal = {https://kyma-project.io/blog/2018/10/18/accelerate-innovation-with-kyma},
  year    = {2018},
  date    = {2018-10-18},
}

@Article{Biedron2018,
  author  = {Rob Biedron},
  title   = {A walk through the order to cash cycle},
  journal = {https://www.purchasecontrol.com/uk/blog/order-to-cash-process/},
  year    = {2018},
}

@Article{Leung2018,
  author  = {Sarah Leung},
  title   = {Order to Cash: What it is \& Why you should care},
  journal = {https://www.handshake.com/blog/order-to-cash-wholesale-metrics},
  year    = {2018},
}

@Article{Wigmore2016,
  author  = {Ivy Wigmore},
  title   = {Monolithic architecture},
  journal = {https://whatis.techtarget.com/definition/monolithic-architecture},
  year    = {2016},
}

@Article{Koukia2018,
  author  = {Aram Koukia},
  title   = {A microservices implementation journey - Part 1},
  journal = {https://koukia.ca/a-microservices-implementation-journey-part-1-9f6471fe917},
  year    = {2018},
}

@Comment{jabref-meta: databaseType:biblatex;}
